<?xml version="1.0" encoding="UTF-8"?><collection xmlns="http://www.loc.gov/MARC21/slim"><record><leader>00370nam--2200133-i-4500</leader><controlfield tag="001">000035527</controlfield><controlfield tag="002">20161230</controlfield><controlfield tag="005">20161230201040</controlfield><controlfield tag="008">060222s1000------------r-----000-0-eng-d</controlfield><datafield ind1=" " ind2=" " tag="080"><subfield code="a">541.13:537.222.22</subfield></datafield><datafield ind1=" " ind2=" " tag="100"><subfield code="a">Myamlin, Viktor, A. And Pleskov, Yurii V</subfield></datafield><datafield ind1=" " ind2=" " tag="245"><subfield code="a">Electrochemistry of semiconductors</subfield></datafield><datafield ind1=" " ind2=" " tag="260"><subfield code="a">New York, Plenum Press, 1967, Xxi + 430p</subfield></datafield><datafield ind1=" " ind2=" " tag="852"><subfield code="a">75257</subfield></datafield></record></collection>